@inproceedings {Brasser17,
author = {Ferdinand Brasser and Urs M{\"u}ller and Alexandra Dmitrienko and Kari Kostiainen and Srdjan Capkun and Ahmad-Reza Sadeghi},
title = {Software Grand Exposure: {SGX} Cache Attacks Are Practical},
booktitle = {11th {USENIX} Workshop on Offensive Technologies ({WOOT} 17)},
year = {2017},
address = {Vancouver, BC},
url = {https://www.usenix.org/conference/woot17/workshop-program/presentation/brasser},
publisher = {{USENIX} Association},
}
